@misc{AirDensityCalculator,
  title = {Air Density Calculator},
  howpublished = {http://www.gribble.org/cycling/air\_density.html}
}

@misc{UNIQUE_NAME_HERE-MUST_BE_ONE_WORD,
  title = {Title goes here},
  author = {Blah},
  howpublished = {How it was published goes here},
  note = {Any additional notes you want to appear can go here},
  month = {January},
  year = {2016}
}

